%%%%%%%%%%% INTRODUCTION AND MOTIVATION %%%%%%%%%%% 
%%%%%%%%%%% INTRODUCTION AND MOTIVATION %%%%%%%%%%% 
%%%%%%%%%%% INTRODUCTION AND MOTIVATION %%%%%%%%%%% 

@misc{humanbrainproject,
  title = {Human Brain Project.},
  year = 2017,
  note = {Accessed: 28.05.2020},
url = {https://www.humanbrainproject.eu/en/}
}

@misc{nobel1963,
  title = {The Nobel Prize in Physiology or Medicine 1963.},
  year = {2009},
  note = {Accessed: 28.05.2020},
url = {https://www.nobelprize.org/prizes/medicine/1963/speedread/}
}

%%%%%%%%%%% NEURON MODELS %%%%%%%%%%% 
%%%%%%%%%%% NEURON MODELS %%%%%%%%%%% 
%%%%%%%%%%% NEURON MODELS %%%%%%%%%%% 

@misc{Hoppensteadt2001CanonicalNM,
  title={Canonical Neural Models.},
  author={Frank C. Hoppensteadt and Eugene M. Izhikevich},
  year={2001}
}

@book{MathFoundationNeuroscience,
author = {Ermentrout, Bard and Terman, David},
year = {2010},
month = {July},
title = {The Mathematical Foundations of Neuroscience.},
volume = {Vol. 35},
isbn = {038787707X},
journal = {Mathematical Foundations of Neuroscience},
doi = {10.1007/978-0-387-87708-2},
publisher={Springer}
}

@book{IntroductionModelingDynamics,
  title={An Introduction to Modeling Neuronal Dynamics.},
  author={B{\"o}rgers, C.},
  isbn={9783319845852},
  series={Texts in Applied Mathematics},
  doi = {10.1007/978-3-319-51171-9}, 
  year={2018},
  publisher={Springer International Publishing}
}

@article{Ermentrout1986,
author = {Ermentrout, Bard and Kopell, Nancy},
year = {1986},
month = {04},
title = {Parabolic Bursting in an Excitable System Coupled with a Slow Oscillation.},
volume = {46},
pages = {233-253},
journal = {Siam Journal on Applied Mathematics - SIAMAM},
doi = {10.1137/0146017}
}

@article{Ermentrout1996,
author = {Ermentrout, Bard},
title = {Type i Membranes, Phase Resetting Curves, and Synchrony},
year = {1996},
issue_date = {July 1, 1996},
publisher = {MIT Press},
address = {Cambridge, MA, USA},
volume = {8},
number = {5},
issn = {0899-7667},
url = {https://doi.org/10.1162/neco.1996.8.5.979},
doi = {10.1162/neco.1996.8.5.979},
journal = {Neural Comput.},
month = jul,
pages = {979–1001},
numpages = {23}
}

  

@article {Hodgkin1948,
	Title = {The local electric changes associated with repetitive action in a non-medullated axon.},
	Author = {Hodgkin, AL},
	DOI = {10.1113/jphysiol.1948.sp004260},
	Number = {2},
	Volume = {107},
	Month = {March},
	Year = {1948},
	Journal = {The Journal of physiology},
	ISSN = {0022-3751},
	Pages = {165—181},
	URL = {https://www.ncbi.nlm.nih.gov/pmc/articles/pmid/16991796/?tool=EBI},
}

@article{Zhang2012,
      title={Computational modeling of neuronal networks.}, 
      author={Xuejuan Zhang and Jianfeng Feng},
      year={2012},
      eprint={1203.0868},
      archivePrefix={arXiv},
      primaryClass={q-bio.NC}
}

@book{Gutkin2014,
author="Gutkin, Boris",
editor="Jaeger, Dieter
and Jung, Ranu",
title="Theta-Neuron Model",
bookTitle="Encyclopedia of Computational Neuroscience",
year="2013",
publisher="Springer New York",
address="New York, NY",
pages="1--9",
isbn="978-1-4614-7320-6",
doi="10.1007/978-1-4614-7320-6_153-1",
url="https://doi.org/10.1007/978-1-4614-7320-6_153-1"
}



@article{Perez2020,
  title = {Phase-responsiveness transmission in a network of quadratic integrate-and-fire neurons.},
  author={Ferran Arqu\'{e} P\'{e}rez},
  journal={Universitat Polit\`{e}cnica de Catalunya, Facultat de Matem\`{a}tiques i Estad\'{ı}stica},
  note = {Bachelor Thesis},
  year = {2020},
  month = {January},
}

%%%%%%%%%%% HUMAN BRAIN %%%%%%%%%%% 
%%%%%%%%%%% HUMAN BRAIN %%%%%%%%%%% 
%%%%%%%%%%% HUMAN BRAIN %%%%%%%%%%% 

@article{Herculano2009,
author = {Herculano-Houzel, Suzana},
year = {2009},
month = {11},
pages = {31},
title = {The Human Brain in Numbers: A Linearly Scaled-up Primate Brain.},
volume = {3},
journal = {Frontiers in human neuroscience},
doi = {10.3389/neuro.09.031.2009}
}

@article{Bullmore2010,
author = {Bullmore, Edward and Bassett, Danielle},
year = {2010},
month = {04},
pages = {113-40},
title = {Brain Graphs: Graphical Models of the Human Brain Connectome.},
volume = {7},
journal = {Annual review of clinical psychology},
doi = {10.1146/annurev-clinpsy-040510-143934}
}

@misc{ActionPotentialsAndSynapses,
  title = {Action potentials and synapses.},
  institution={The University Of Queensland Brain Institute},
  note = {Composed: 09/11/2017. Accessed: 02/10/2020},
  url = {https://qbi.uq.edu.au/brain-basics/brain/brain-physiology/action-potentials-and-synapses}
}

@article{Didier1997,
author = {Pinault, Didier and Smith, Yoland and MJ, Deschênes},
year = {1997},
month = {06},
pages = {3215-33},
title = {Dendrodendritic and Axoaxonic Synapses in the Thalamic Reticular Nucleus of the Adult Rat.},
volume = {17},
journal = {The Journal of neuroscience : the official journal of the Society for Neuroscience},
doi = {10.1523/JNEUROSCI.17-09-03215.1997}
}


@article{Kirkwood2019,
title = "Mechanisms of Homeostatic Synaptic Plasticity in vivo.",
author = "Lee, {Hey Kyoung} and Alfredo Kirkwood",
year = "2019",
month = dec,
day = "3",
doi = "10.3389/fncel.2019.00520",
language = "English (US)",
volume = "13",
journal = "Frontiers in Cellular Neuroscience",
issn = "1662-5102",
publisher = "Frontiers Research Foundation"
}


%%%%%%%%%%% OTT ANTONSEN %%%%%%%%%%% 
%%%%%%%%%%% OTT ANTONSEN %%%%%%%%%%% 
%%%%%%%%%%% OTT ANTONSEN %%%%%%%%%%% 

@article{OttAntonsen2008,
    title={Low Dimensional Behavior of Large Systems of Globally Coupled Oscillators.},
    author={Edward Ott and Thomas M. Antonsen},
    year={2008},
    eprint={0806.0004},
    archivePrefix={arXiv},
    primaryClass={nlin.CD}
}

@article{OttAntonsen2009,
    title={Long Time Evolution of Phase Oscillator Systems.},
    author={Edward Ott and Thomas M. Antonsen},
    year={2009},
    eprint={0902.2773},
    archivePrefix={arXiv},
    primaryClass={nlin.CD}
}

@article{OttAntonsen2010,
    title={Comment on "Long Time Evolution of Phase Oscillator Systems" [Chaos 19,023117 (2009), arXiv: 0902.2773].},
    author={Edward Ott and Brian R. Hunt and Thomas M. Antonsen},
    year={2010},
    eprint={1005.3319},
    archivePrefix={arXiv},
    primaryClass={nlin.CD}
}

@article{OttAntonsen2017,
author = {Chandra, Sarthak and Hathcock, David and Crain, Kimberly and Antonsen, Thomas and Girvan, Michelle and Ott, Edward},
year = {2017},
month = {03},
pages = {10},
title = {Modeling the Network Dynamics of Pulse-Coupled Neurons.},
volume = {27},
journal = {Chaos (Woodbury, N.Y.)},
doi = {10.1063/1.4977514}
}
%%%%%%%%%%% NETWORKS %%%%%%%%%%% 
%%%%%%%%%%% NETWORKS %%%%%%%%%%% 
%%%%%%%%%%% NETWORKS %%%%%%%%%%% 

@article{RandomGraphs1959,
    title={On Random Graphs I.},
    author={P. Erdos and A. Rényi},
    year={1959},
pages = {290-297},
volume = {6},
journal = {Publicationes Mathematicae},
}


@book{BarabasiNetworkBook2016,
  title={Network Science.},
  author={Barab{\'a}si, A.L.},
  isbn={9781107076266},
  lccn={2016439537},
  url={https://books.google.dk/books?id=iLtGDQAAQBAJ},
  year={2016},
  publisher={Cambridge University Press}
}

@article{Barabasi2003,
  author = {Barab{\'a}si, Albert-László and Bonabeau, E.},
  journal = {Scientific American},
  language = {english},
  number = {60-69},
  title = {Scale-Free Networks.},
  url = {http://www.nd.edu/~networks/PDF/Scale-Free\%20Sci\%20Amer\%20May03.pdf},
  volume = 288,
  year = 2003,
  pages = {50-59}
}

@article{Bassler2011,
  title = {All Scale-Free Networks Are Sparse.},
  author = {Del Genio, Charo I. and Gross, Thilo and Bassler, Kevin E.},
  journal = {Phys. Rev. Lett.},
  volume = {107},
  issue = {17},
  pages = {178701},
  numpages = {4},
  year = {2011},
  month = {Oct},
  publisher = {American Physical Society},
  doi = {10.1103/PhysRevLett.107.178701},
  url = {https://link.aps.org/doi/10.1103/PhysRevLett.107.178701}
}


%%%%%%%%%%% SYNAPTIC PLASTICITY %%%%%%%%%%% 
%%%%%%%%%%% SYNAPTIC PLASTICITY %%%%%%%%%%% 
%%%%%%%%%%% SYNAPTIC PLASTICITY %%%%%%%%%%% 

@book{Hebb1949,
author = {Hebb, Donald O.},
year = {1949},
title = {The organization of behaviour: a neurophysical theory.},
publisher={John Wiley and sons}
}


@article{Kempter1999,
author = {Kempter, Richard and Gerstner, Wulfram and van Hemmen, Leo},
year = {1999},
month = {04},
pages = {},
title = {Hebbian learning and spiking neurons.},
volume = {59},
journal = {Phys. Rev. E},
doi = {10.1103/PhysRevE.59.4498}
}

@article{Song2000,
author = {Song, Sen and Miller, Kenneth and Abbott, L.F.},
year = {2000},
month = {10},
pages = {919-26},
title = {Competitive Hebbian learning through spike timing-dependent plasticity},
volume = {3},
journal = {Nature neuroscience},
doi = {10.1038/78829}
}

@article{Gerstner2002,
author = {Gerstner, Wulfram and Kistler, Werner},
year = {2003},
month = {01},
pages = {404-15},
title = {Mathematical Formulations of Hebbian Learning.},
volume = {87},
journal = {Biological cybernetics},
doi = {10.1007/s00422-002-0353-y}
}

@book{AdaptiveNetworks2009,
author = {Gross, Thilo and Sayama, Hiroki},
title = {Adaptive networks: theory, models and applications.},
year = {2009},
month = {January},
publisher={Springer International Publishing},
doi = {10.1007/978-3-642-01284-6}
}

@inproceedings{ChrolCannon2012,
  title={The emergence of polychronous groups under varying input patterns, plasticity rules and network connectivities},
  author={Chrol-Cannon, Joseph and Gr{\"u}ning, Andr{\'e} and Jin, Yaochu},
  booktitle={The 2012 International Joint Conference on Neural Networks (IJCNN)},
  pages={1--6},
  year={2012},
  organization={IEEE}
}

@article{ChrolCannon2014,
author = {Chrol-Cannon, Joseph and Jin, Yaochu},
year = {2014},
month = {04},
pages = {},
title = {Computational Modeling of Neural Plasticity for Self-Organization of Neural Networks.},
volume = {125},
journal = {Bio Systems},
doi = {10.1016/j.biosystems.2014.04.003}
}

@article{Waddington2014,
author = {Waddington, Amelia and Appleby, Peter and de Kamps, Marc and Cohen, Netta},
year = {2012},
month = {11},
pages = {88},
title = {Triphasic Spike-Timing-Dependent Plasticity Organizes Networks to Produce Robust Sequences of Neural Activity},
volume = {6},
journal = {Frontiers in computational neuroscience},
doi = {10.3389/fncom.2012.00088}
}

@article{Song2017,
  title={Computational modeling of spiking neural network with learning rules from STDP and intrinsic plasticity.},
  author={Xiumin Li and W. Wang and F. Xue and Y. Song},
  journal={Physica A-statistical Mechanics and Its Applications},
  year={2018},
  volume={491},
  pages={716-728},
  doi={10.1016/J.PHYSA.2017.08.053}
}


@article{Debanne2017,
author = {Gasselin, Célia and Inglebert, Yanis and Ankri, Norbert and Debanne, Dominique},
year = {2017},
month = {12},
pages = {14418},
title = {Plasticity of intrinsic excitability during LTD is mediated by bidirectional changes in h-channel activity.},
volume = {7},
journal = {Scientific Reports},
doi = {10.1038/s41598-017-14874-z}
}


@article{Debanne2018,
author = {Debanne, Dominique and Inglebert, Yanis and Russier, Michaël},
year = {2018},
month = {09},
pages = {73-82},
title = {Plasticity of intrinsic neuronal excitability.},
volume = {54},
journal = {Current opinion in neurobiology},
doi = {10.1016/j.conb.2018.09.001}
}

%%%%%%%%%%% MEAN FIELD REDUCTIONS %%%%%%%%%%% 
%%%%%%%%%%% MEAN FIELD REDUCTIONS %%%%%%%%%%% 
%%%%%%%%%%% MEAN FIELD REDUCTIONS %%%%%%%%%%% 

@article{Luke2013,
author = {Luke, Tanushree and Barreto, Ernest and So, Paul},
year = {2013},
month = {12},
pages = {1-28},
title = {Complete Classification of the Macroscopic Behavior of a Heterogeneous Network of Theta Neurons.},
volume = {25},
journal = {Neural Computation},
doi = {10.1162/NECO_a_00525}
}

@article{Restrepo2014,
author = {Restrepo, Juan and Ott, Edward},
year = {2014},
month = {07},
pages = {},
title = {Mean field theory of assortative networks of phase oscillators},
volume = {107},
journal = {EPL (Europhysics Letters)},
doi = {10.1209/0295-5075/107/60006}
}

@article{Martens2020,
title = "Understanding the dynamics of biological and neural oscillator networks through exact mean-field reductions: a review.",
author = "Christian Bick and Marc Goodfellow and Laing, {Carlo R.} and Martens, {Erik A.}",
year = "2020",
month = dec,
day = "1",
doi = "10.1186/s13408-020-00086-9",
language = "English",
volume = "10",
journal = "Journal of Mathematical Neuroscience",
issn = "2190-8567",
publisher = "SpringerOpen",
number = "1"
}



@article{Montbrio2015,
   title={Macroscopic Description for Networks of Spiking Neurons.},
   volume={5},
   ISSN={2160-3308},
   url={http://dx.doi.org/10.1103/PhysRevX.5.021028},
   DOI={10.1103/physrevx.5.021028},
   number={2},
   journal={Physical Review X},
   publisher={American Physical Society (APS)},
   author={Montbrió, Ernest and Pazó, Diego and Roxin, Alex},
   year={2015},
   month={Jun},
   pages={14}
}
